@article{phillips2010automated,
  title={Automated theorem proving in quasigroup and loop theory},
  author={J.D. Phillips and D. Stanovsk{\'y}},
  journal={{AI} Communications},
  volume={23},
  pages={267--283},
  year={2010},
  publisher={IOS Press}
}
@ARTICLE{FJ2019,
    KEY       = "FJ2019",
    AUTHOR    = "W. Fussner and P. Jipsen",
    TITLE     = "Distributive laws in residuated binars",
    YEAR      = "2019",
    EID    = "54",
    JOURNAL   = "Algebra Universalis",
    DOI       = "10.1007/s00012-019-0625-1",
    VOLUME    = "80.54"}
@manual{isabelle-system,
  author = {M. Wenzel},
  title = {The {Isabelle} System Manual},
  note = {\url{https://isabelle.in.tum.de/doc/system.pdf}}}
@unpublished{ prover9-mace4,
    author = "W. McCune",
    title = "{P}rover9 and {M}ace4",
    note = "\verb|http://www.cs.unm.edu/~mccune/prover9/|",
    year = "2005--2010"}
@misc{isabelle-client,
  author = {B. Shminke},
  title = {Python client for Isabelle server},
  publisher = {PyPI},
  note = {\url{https://pypi.org/project/isabelle-client/}}
}
@ARTICLE{JK2019,
    KEY       = "FJ2019",
    AUTHOR    = "P. Jipsen and M. Kinyon",
    TITLE     = "Nonassociative right hoops",
    YEAR      = "2019",
    JOURNAL   = "Algebra Universalis",
    DOI       = "10.1007/s00012-019-0618-0",
    VOLUME    = "80.47"}
@ARTICLE{K2019,
    KEY       = "K2019",
    AUTHOR    = "M. Kinyon",
    TITLE     = "Proof  simplification  and  automated  theorem  proving",
    YEAR      = "2019",
    JOURNAL   = "Philos. Trans. Roy. Soc. A",
    DOI       = "10.1098/rsta.2018.0034",
    VOLUME    = "377.20180034"}
@inproceedings{Biere-SAT-Competition-2017-solvers,
  author    = {Biere, A.},
  title     = {{CaDiCaL, Lingeling, Plingeling, Treengeling, YalSAT Entering the SAT Competition 2017}},
  pages     = {14-15},
  booktitle = {Proc.~of {SAT Competition} 2017 -- Solver and Benchmark Descriptions},
  editor    = {T. Balyo and M. Heule and M. J{\"a}rvisalo},
  volume    = {B-2017-1},
  series    = {Department of Computer Science Series of Publications B},
  publisher = {University of Helsinki},
  year      = 2017,
}
@article{Baumgartner07computingfinite,
author = {P. Baumgartner and A. Fuchs and H. {de Nivelle} and C. Tinelli},
title = {Computing finite models by reduction to function-free clause logic},
journal = {J. Appl. Log.},
volume = {7},
number = {1},
pages = {58-74},
year = {2009},
issn = {1570-8683},
doi = {https://doi.org/10.1016/j.jal.2007.07.005},
url = {https://www.sciencedirect.com/science/article/pii/S1570868307000638},
}
@inproceedings{Claessen2007NewTT,
  title={New techniques that improve {MACE}-style finite model finding},
  author={Claessen, K. and S{\"o}rensson, N.},
  booktitle={Proceedings of the CADE-19 Workshop: Model Computation-Principles, Algorithms, Applications},
  pages={11--27},
  year={2003},
  organization={Citeseer}
}
@INPROCEEDINGS{Torlak07kodkod:a,
    author = {E. Torlak and D. Jackson},
    title = {Kodkod: A relational model finder},
    booktitle = {In Tools and Algorithms for Construction and Analysis of Systems (TACAS)},
    year = {2007},
    pages = {632--647},
    publisher = {Wiley}
}

@article{SV2008,
title = {Constructive Logic with Strong Negation is a Substructural Logic {I}},
journal = {Studia Logica},
volume = {88},
pages = {325-348},
year = {2008},
author = {M. Spinks and R. Veroff}
}

@ARTICLE{GR2012,
    KEY       = "GR2012",
    AUTHOR    = "N. Galatos and J.G. Raftery",
    TITLE     = "A category equivalence for odd {S}ugihara monoids and its applications",
    YEAR      = "2012",
    JOURNAL   = "J. Pure Appl. Algebra",
    PAGES   = "2177-2192",
    VOLUME    = "216"}

@article{GGMS2021,
title = {Time Warps, from Algebra to Algorithms},
year = {2021},
note = {Preprint. Available at arXiv:2106.06205},
url = {https://arxiv.org/abs/2106.06205},
author = {S. van Gool and A. Guatto and G. Metcalfe and S. Santschi}
}